<?xml version="1.0" encoding="UTF-8"?><collection xmlns="http://www.loc.gov/MARC21/slim"><record><leader>00408nam--2200121-i-4500</leader><controlfield tag="001">000010694</controlfield><controlfield tag="002">20161230</controlfield><controlfield tag="005">20161230201028</controlfield><controlfield tag="008">060222s1000------------r-----000-0-eng-d</controlfield><datafield ind1=" " ind2=" " tag="080"><subfield code="a">338.585/014:330.35(4/7)</subfield></datafield><datafield ind1=" " ind2=" " tag="245"><subfield code="a">Cheltueli pentru activitatea de cercetare si dezvoltare in diferite tari</subfield></datafield><datafield ind1=" " ind2=" " tag="260"><subfield code="a">Bucuresti,Institutul National De Informare Si Documentare Stiintifica Si Tehnica,1972. 18p</subfield></datafield><datafield ind1=" " ind2=" " tag="852"><subfield code="a">D.1317</subfield></datafield></record></collection>